@book{bisseling2004parallel,
  title={Parallel Scientific Computation: A structured approach using BSP and MPI},
  author={Bisseling, R.H.},
  year={2004},
  publisher={Oxford University Press, USA},
  isbn={0-19-852939-2}
}
@article{hestenes1952methods,
  title={Methods of Conjugate Gradients for Solving Linear Systems},
  author={Hestenes, M.R. and Stiefel, E.},
  journal={Journal of Research of the National Bureau of Standards},
  volume={49},
  number={6},
  year={1952}
}
@article{golub1996matrix,
  title={{Matrix Computations (Johns Hopkins Studies in Mathematical Sciences)}},
  author={Golub, G.H. and van Van Loan, C.F.},
  year={1996},
  publisher={The Johns Hopkins University Press, Baltimore, MD}
}

